

@article{Good:2010,
  added-at = {2011-08-07T14:20:54.000+0200},
  author = {Good, B.H. and Montjoye, Y.A. De and Clauset, A.},
  biburl = {http://www.bibsonomy.org/bibtex/246dff33e7c561f9189b804ee91c702fa/folke},
  interhash = {566e454abb53f13641c4009e5327c6bc},
  intrahash = {46dff33e7c561f9189b804ee91c702fa},
  journal = {Physical Review E},
  keywords = {analysis community detection modularity},
  number = 4,
  pages = 046106,
  publisher = {APS},
  timestamp = {2011-08-07T14:20:54.000+0200},
  title = {Performance of modularity maximization in practical contexts},
  volume = 81,
  year = 2010
}

@article{Girvan:2002,
      author       = "Girvan, M and Newman, M E J",
      title        = "Community structure in social and biological networks",
      journal      = "Proc. Natl. Acad. Sci. U. S. A.",
      number       = "cond-mat/0112110",
      volume       = "99",
      pages        = "8271-8276. 8 p",
      month        = "Dec",
      year         = "2001",
}

  
  @proceedings{Li:2008,
  author = {Deyi Li and Yanni Han and Jun Hu},
title = {Complex Network Thinking in Software Engineering},
journal ={Computer Science and Software Engineering, International Conference on},
volume = {1},
isbn = {978-0-7695-3336-0},
year = {2008},
pages = {264-268},
doi = {http://doi.ieeecomputersociety.org/10.1109/CSSE.2008.689},
publisher = {IEEE Computer Society},
address = {Los Alamitos, CA, USA},
}

@article{Subelj:2012,
   author = {{{\v S}ubelj}, L. and {Bajec}, M.},
    title = "{Software systems through complex networks science: Review, analysis and applications}",
  journal = {ArXiv e-prints},
archivePrefix = "arXiv",
   eprint = {1208.2518},
 keywords = {Computer Science - Social and Information Networks, Computer Science - Software Engineering, Physics - Physics and Society},
     year = 2012,
    month = aug,
   adsurl = {http://adsabs.harvard.edu/abs/2012arXiv1208.2518S},
  adsnote = {Provided by the SAO/NASA Astrophysics Data System}
}

@ARTICLE{Newman:2006,
   author = {{Newman}, M.~E.~J.},
    title = "{From the Cover: Modularity and community structure in networks}",
  journal = {Proceedings of the National Academy of Science},
   eprint = {physics/0602124},
     year = 2006,
    month = jun,
   volume = 103,
    pages = {8577-8582},
      doi = {10.1073/pnas.0601602103},
   adsurl = {http://adsabs.harvard.edu/abs/2006PNAS..103.8577N},
  adsnote = {Provided by the SAO/NASA Astrophysics Data System}
}

