@article{Andersson:2007,
 author = {Andersson, C. and Runeson, P.},
 title = {A Replicated Quantitative Analysis of Fault Distributions in Complex Software Systems},
 journal = {IEEE Trans. Softw. Eng.},
 issue_date = {May 2007},
 volume = {33},
 number = {5},
 month = may,
 year = {2007},
 issn = {0098-5589},
 pages = {273--286},
 numpages = {14},
 url = {http://dx.doi.org/10.1109/TSE.2007.1005},
 doi = {10.1109/TSE.2007.1005},
 acmid = {1263525},
 publisher = {IEEE Press},
 address = {Piscataway, NJ, USA},
 keywords = {Empirical research, Empirical research, replication, software fault distributions., replication, software fault distributions.},
} 

@inproceedings{Ayari:2007,
 author = {Ayari, K. and Meshkinfam, P. and Antoniol, G. and Di Penta, M.},
 title = {Threats on building models from CVS and Bugzilla repositories: the Mozilla case study},
 booktitle = {Proceedings of the 2007 conference of the center for advanced studies on Collaborative research},
 series = {CASCON '07},
 year = {2007},
 location = {Richmond Hill, Ontario, Canada},
 pages = {215--228},
 numpages = {14},
 url = {http://dx.doi.org/10.1145/1321211.1321234},
 doi = {10.1145/1321211.1321234},
 acmid = {1321234},
 publisher = {IBM Corp.},
 address = {Riverton, NJ, USA},
 keywords = {bug report and CVS mining, empirical study, evolution modeling, quality modeling, traceability recovery},
} 

@inproceedings{Bachmann:2010,
 author = {Bachmann, Adrian and Bird, Christian and Rahman, Foyzur and Devanbu, Premkumar and Bernstein, Abraham},
 title = {The missing links: bugs and bug-fix commits},
 booktitle = {Proceedings of the eighteenth ACM SIGSOFT international symposium on Foundations of software engineering},
 series = {FSE '10},
 year = {2010},
 isbn = {978-1-60558-791-2},
 location = {Santa Fe, New Mexico, USA},
 pages = {97--106},
 numpages = {10},
 url = {http://doi.acm.org/10.1145/1882291.1882308},
 doi = {10.1145/1882291.1882308},
 acmid = {1882308},
 publisher = {ACM},
 address = {New York, NY, USA},
 keywords = {apache, bias, case study, manual annotation, tool},
} 

@ARTICLE{Barabasi:1999,
   author = {{Barab{\'a}si}, A.-L. and {Albert}, R.},
    title = "{Emergence of Scaling in Random Networks}",
  journal = {Science},
   eprint = {arXiv:cond-mat/9910332},
     year = 1999,
    month = oct,
   volume = 286,
    pages = {509-512},
      doi = {10.1126/science.286.5439.509},
   adsurl = {http://adsabs.harvard.edu/abs/1999Sci...286..509B},
  adsnote = {Provided by the SAO/NASA Astrophysics Data System}
}

@ARTICLE{Boccaletti:2006,
   author = {{Boccaletti}, S. and {Latora}, V. and {Moreno}, Y. and {Chavez}, M. and 
	{Hwang}, D.-U.},
    title = "{Complex networks: Structure and dynamics}",
  journal = {Physics Reports},
     year = 2006,
    month = feb,
   volume = 424,
    pages = {175-308},
      doi = {10.1016/j.physrep.2005.10.009},
   adsurl = {http://adsabs.harvard.edu/abs/2006PhR...424..175B},
  adsnote = {Provided by the SAO/NASA Astrophysics Data System}
}

@book{Bollobas:2001,
  added-at = {2007-03-12T11:29:08.000+0100},
  author = {Bollobas, B.},
  biburl = {http://www.bibsonomy.org/bibtex/2a08b7937f79ce0cf9854806274e42ee1/vittorio.loreto},
  citeulike-article-id = {827976},
  editor = {Fulton, W. and Katok, A. and Kirwan, F. and Sarnak, P. and Simon, B. and Totaro, B.},
  interhash = {d6845690efa62f6cf293b4acc97a569c},
  intrahash = {a08b7937f79ce0cf9854806274e42ee1},
  keywords = {2001 RMP_CFL bollobas graphs random},
  priority = {5},
  publisher = {Cambridge University Press},
  timestamp = {2007-03-12T11:29:08.000+0100},
  title = {Random Graphs},
  year = 2001
}

@book{Bollobas:1998,
  added-at = {2011-03-14T01:01:42.000+0100},
  address = {New York},
  author = {Bollob\'as, B.},
  biburl = {http://www.bibsonomy.org/bibtex/2d064110e5c4daab83e54329d817c13c2/lantiq},
  groups = {public},
  interhash = {875127e4e9980d87bf0bdeab7fa97559},
  intrahash = {d064110e5c4daab83e54329d817c13c2},
  keywords = {networks graphs},
  publisher = {Springer-Verlag},
  timestamp = {2011-03-14T01:01:42.000+0100},
  title = {Modern graph theory},
  username = {lantiq},
  year = 1998
}

@book{Cederqvist:2002,
  title={Version Management With Cvs},
  author={Cederqvist, P.},
  isbn={9780954161712},
  url={http://books.google.it/books?id=f0AEAAAACAAJ},
  year={2002},
  publisher={Network Theory Limited}
}

@article{Chidamber:1994,
 author = {Chidamber, S. R. and Kemerer, C. F.},
 title = {A Metrics Suite for Object Oriented Design},
 journal = {IEEE Trans. Softw. Eng.},
 issue_date = {June 1994},
 volume = {20},
 number = {6},
 month = jun,
 year = {1994},
 issn = {0098-5589},
 pages = {476--493},
 numpages = {18},
 url = {http://dx.doi.org/10.1109/32.295895},
 doi = {10.1109/32.295895},
 acmid = {631131},
 publisher = {IEEE Press},
 address = {Piscataway, NJ, USA},
 keywords = {automated data collection tool, measurement principles, metrics suite, object oriented design, object oriented programming, object-oriented methods, object-oriented programming, organization, process improvement, software development, software measures, software metrics},
} 

@article{Concas:2010,
 author = {Concas, G. and Marchesi, M. and Murgia, A. and Tonelli, R.},
 title = {An empirical study of social networks metrics in object-oriented software},
 journal = {Adv. Soft. Eng.},
 issue_date = {January 2010},
 volume = {2010},
 month = jan,
 year = {2010},
 issn = {1687-8655},
 pages = {4:1--4:21},
 articleno = {4},
 numpages = {21},
 url = {http://dx.doi.org/10.1155/2010/729826},
 doi = {10.1155/2010/729826},
 acmid = {1972593},
 publisher = {Hindawi Publishing Corp.},
 address = {New York, NY, United States},
} 

@book{Demarco:1982,
  added-at = {2012-02-24T08:25:59.000+0100},
  address = {New York, NY},
  author = {DeMarco, Tom},
  biburl = {http://www.bibsonomy.org/bibtex/21e43416c47c05201cf2fa1943854fe86/ambassador86},
  interhash = {6650f369f900474027feae7d2796a914},
  intrahash = {1e43416c47c05201cf2fa1943854fe86},
  isbn = {0917072324 9780917072321 0131717111 9780131717114},
  keywords = {softwaremetrie},
  publisher = {Yourdon Press},
  refid = {9101566},
  timestamp = {2012-02-24T08:25:59.000+0100},
  title = {Controlling software projects : management, measurement & estimation},
  url = {http://www.worldcat.org/search?qt=worldcat_org_all&q=0131717111},
  year = 1982
}

@article{Erdos:1960,
  added-at = {2007-03-14T12:38:37.000+0100},
  author = {Erdos, P. and Renyi, A.},
  biburl = {http://www.bibsonomy.org/bibtex/2136ab5ee905e263b2ace5bf80261bff2/vittorio.loreto},
  interhash = {4d8b0a55d11fccf94b813271b962d17e},
  intrahash = {136ab5ee905e263b2ace5bf80261bff2},
  journal = {Publ. Math. Inst. Hung. Acad. Sci.},
  keywords = {1960 RMP_CFL erdos graphs random renyi},
  pages = 17,
  timestamp = {2007-03-14T12:38:37.000+0100},
  title = {On the evolution of random graphs},
  volume = 7,
  year = 1960
}

@article{Fenton:2000,
 author = {Fenton, Norman E. and Ohlsson, Niclas},
 title = {Quantitative Analysis of Faults and Failures in a Complex Software System},
 journal = {IEEE Trans. Softw. Eng.},
 issue_date = {August 2000},
 volume = {26},
 number = {8},
 month = aug,
 year = {2000},
 issn = {0098-5589},
 pages = {797--814},
 numpages = {18},
 url = {http://dx.doi.org/10.1109/32.879815},
 doi = {10.1109/32.879815},
 acmid = {631250},
 publisher = {IEEE Press},
 address = {Piscataway, NJ, USA},
 keywords = {Software faults and failures, software metrics, empirical studies.},
} 

@book{Fowler:1999,
 author = {Fowler, Martin},
 title = {Refactoring: improving the design of existing code},
 year = {1999},
 isbn = {0-201-48567-2},
 publisher = {Addison-Wesley Longman Publishing Co., Inc.},
 address = {Boston, MA, USA},
key = {{$\!\!$}} ,
} 


@ARTICLE{Girvan:2002,
   author = {{Girvan}, M. and {Newman}, M.~E.~J.},
    title = "{Community structure in social and biological networks}",
  journal = {Proceedings of the National Academy of Science},
   eprint = {arXiv:cond-mat/0112110},
     year = 2002,
    month = jun,
   volume = 99,
    pages = {7821-7826},
      doi = {10.1073/pnas.122653799},
   adsurl = {http://adsabs.harvard.edu/abs/2002PNAS...99.7821G},
  adsnote = {Provided by the SAO/NASA Astrophysics Data System}
}

@article{Graves:2000,
 author = {Graves, Todd L. and Karr, Alan F. and Marron, J. S. and Siy, Harvey},
 title = {Predicting Fault Incidence Using Software Change History},
 journal = {IEEE Trans. Softw. Eng.},
 issue_date = {July 2000},
 volume = {26},
 number = {7},
 month = jul,
 year = {2000},
 issn = {0098-5589},
 pages = {653--661},
 numpages = {9},
 url = {http://dx.doi.org/10.1109/32.859533},
 doi = {10.1109/32.859533},
 acmid = {347496},
 publisher = {IEEE Press},
 address = {Piscataway, NJ, USA},
 keywords = {Fault potential, code decay, change management data, metrics, statistical analysis, generalized linear models.},
}

@INPROCEEDINGS{RefFinder,
	BOOKTITLE = "RefFinder. https://webspace.utexas.edu/kp9746/www/reffinder/",
       
}

@inproceedings{Hassan:2005,
 author = {Hassan, Ahmed E. and Holt, Richard C.},
 title = {The Top Ten List: Dynamic Fault Prediction},
 booktitle = {Proceedings of the 21st IEEE International Conference on Software Maintenance},
 series = {ICSM '05},
 year = {2005},
 isbn = {0-7695-2368-4},
 pages = {263--272},
 numpages = {10},
 url = {http://dx.doi.org/10.1109/ICSM.2005.91},
 doi = {10.1109/ICSM.2005.91},
 acmid = {1091858},
 publisher = {IEEE Computer Society},
 address = {Washington, DC, USA},
} 

@inproceedings{Kim:2005,
 author = {Kim, Sunghun and Pan, Kai and Whitehead,Jr., E. James},
 title = {When Functions Change Their Names: Automatic Detection of Origin Relationships},
 booktitle = {Proceedings of the 12th Working Conference on Reverse Engineering},
 series = {WCRE '05},
 year = {2005},
 isbn = {0-7695-2474-5},
 pages = {143--152},
 numpages = {10},
 url = {http://dx.doi.org/10.1109/WCRE.2005.33},
 doi = {10.1109/WCRE.2005.33},
 acmid = {1108180},
 publisher = {IEEE Computer Society},
 address = {Washington, DC, USA},
} 

@inproceedings{Kim:2006a,
 author = {Kim, Sunghun and Zimmermann, Thomas and Pan, Kai and Whitehead, E. James Jr.},
 title = {Automatic Identification of Bug-Introducing Changes},
 booktitle = {Proceedings of the 21st IEEE/ACM International Conference on Automated Software Engineering},
 series = {ASE '06},
 year = {2006},
 isbn = {0-7695-2579-2},
 pages = {81--90},
 numpages = {10},
 url = {http://dx.doi.org/10.1109/ASE.2006.23},
 doi = {10.1109/ASE.2006.23},
 acmid = {1169308},
 publisher = {IEEE Computer Society},
 address = {Washington, DC, USA},
} 

@inproceedings{Kim:2006b,
 author = {Kim, Sunghun and Pan, Kai and Whitehead,Jr., E. E. James},
 title = {Memories of bug fixes},
 booktitle = {Proceedings of the 14th ACM SIGSOFT international symposium on Foundations of software engineering},
 series = {SIGSOFT '06/FSE-14},
 year = {2006},
 isbn = {1-59593-468-5},
 location = {Portland, Oregon, USA},
 pages = {35--45},
 numpages = {11},
 url = {http://doi.acm.org/10.1145/1181775.1181781},
 doi = {10.1145/1181775.1181781},
 acmid = {1181781},
 publisher = {ACM},
 address = {New York, NY, USA},
 keywords = {bug, bug finding tool, fault, fix, patterns, prediction},
} 

@inproceedings{Kim:2011,
 author = {Kim, Sunghun and Zhang, Hongyu and Wu, Rongxin and Gong, Liang},
 title = {Dealing with noise in defect prediction},
 booktitle = {Proceedings of the 33rd International Conference on Software Engineering},
 series = {ICSE '11},
 year = {2011},
 isbn = {978-1-4503-0445-0},
 location = {Waikiki, Honolulu, HI, USA},
 pages = {481--490},
 numpages = {10},
 url = {http://doi.acm.org/10.1145/1985793.1985859},
 doi = {10.1145/1985793.1985859},
 acmid = {1985859},
 publisher = {ACM},
 address = {New York, NY, USA},
 keywords = {buggy changes, buggy files, data quality, defect prediction, noise resistance},
} 


@Article{Kohring:2009,
  author={G. A. Kohring},
  title={Complex Dependencies In Large Software Systems},
  journal={Advances in Complex Systems (ACS)},
  year=2009,
  volume={12},
  number={06},
  pages={565-581},
  month={},
  keywords={Complex adaptive systems; stochastic growth; small-world networks; software engineering},
  %abstract={Two large, open source software systems are analyzed from the vantage point of complex adaptive systems theory. For both systems, the full dependency graphs are constructed and their properties are shown to be consistent with the assumption of stochastic growth. In particular, the afferent links are distributed according to Zipf's law for both systems. Using the small-world criterion for directed graphs, it is shown that contrary to claims in the literature, these software systems do not possess small-world properties. Furthermore, it is argued that the small-world property is not of any particular advantage in a standard layered architecture. Finally, it is suggested that the eigenvector centrality can play an important role in deciding which open source software packages to use in mission-critical applications. This comes about because knowing the absolute number of afferent links alone is insufficient to decide how important a package is to the system as a whole, instead the importance of the 
linking package plays a major role as well.},
  url={http://ideas.repec.org/a/wsi/acsxxx/v12y2009i06p565-581.html}
}

@inproceedings{Li:2008,
 author = {Li, Deyi and Han, Yanni and Hu, Jun},
 title = {Complex Network Thinking in Software Engineering},
 booktitle = {Proceedings of the 2008 International Conference on Computer Science and Software Engineering - Volume 01},
 series = {CSSE '08},
 year = {2008},
 isbn = {978-0-7695-3336-0},
 pages = {264--268},
 numpages = {5},
 url = {http://dx.doi.org/10.1109/CSSE.2008.689},
 doi = {10.1109/CSSE.2008.689},
 acmid = {1468730},
 publisher = {IEEE Computer Society},
 address = {Washington, DC, USA},
 keywords = {complex networks, community structure, small-world, scale-free, software engineering},
} 

@article{Liu:2011, 
title={Controllability of complex networks.}, 
volume={473}, 
url={http://www.ncbi.nlm.nih.gov/pubmed/21562557}, 
number={7346}, 
journal={Nature}, 
publisher={Nature Publishing Group, a division of Macmillan Publishers Limited. All Rights Reserved.}, 
author={Liu, Yang-Yu and Slotine, Jean-Jacques and Barab\'{a}si, Albert-L\'{a}szl\'{o}}, year={2011}, 
pages={167--173}}


@article{Livshits:2005,
 author = {Livshits, Benjamin and Zimmermann, Thomas},
 title = {DynaMine: finding common error patterns by mining software revision histories},
 journal = {SIGSOFT Softw. Eng. Notes},
 issue_date = {September 2005},
 volume = {30},
 number = {5},
 month = sep,
 year = {2005},
 issn = {0163-5948},
 pages = {296--305},
 numpages = {10},
 url = {http://doi.acm.org/10.1145/1095430.1081754},
 doi = {10.1145/1095430.1081754},
 acmid = {1081754},
 publisher = {ACM},
 address = {New York, NY, USA},
 keywords = {coding patterns, data mining, dynamic analysis, error patterns, one-line check-ins, revision histories, software bugs},
}

@book{Lorenz:1994,
  added-at = {2007-09-26T10:37:27.000+0200},
  author = {Lorenz, Mark and Kidd, Jeff},
  biburl = {http://www.bibsonomy.org/bibtex/251d6557510c7dc6f3985b5e310d4845b/evol},
  description = {The entire bibliography of the book "Software Evolution" co-edited by Tom Mens and Serge Demeyer, published by Springer in 2008},
  interhash = {24e46a8a7be7f7d9535a1180b21b18f1},
  intrahash = {51d6557510c7dc6f3985b5e310d4845b},
  keywords = {metrics software},
  publisher = {Prentice Hall},
  timestamp = {2007-09-26T10:37:27.000+0200},
  title = {Object-Oriented Software Metrics: A Practical Approach},
  year = 1994
}

@inproceedings{Murgia:2010,
 author = {Murgia, Alessandro and Concas, Giulio and Marchesi, Michele and Tonelli, Roberto},
 title = {A machine learning approach for text categorization of fixing-issue commits on CVS},
 booktitle = {Proceedings of the 2010 ACM-IEEE International Symposium on Empirical Software Engineering and Measurement},
 series = {ESEM '10},
 year = {2010},
 isbn = {978-1-4503-0039-1},
 location = {Bolzano-Bozen, Italy},
 pages = {6:1--6:10},
 articleno = {6},
 numpages = {10},
 url = {http://doi.acm.org/10.1145/1852786.1852794},
 doi = {10.1145/1852786.1852794},
 acmid = {1852794},
 publisher = {ACM},
 address = {New York, NY, USA},
 keywords = {classifier, data mining, machine learning},
} 

@article{Murphy:2009,
author = {Emerson Murphy-Hill and Chris Parnin and Andrew P. Black},
title = {How We Refactor, and How We Know It},
journal ={IEEE Transactions on Software Engineering},
volume = {38},
number = {1},
issn = {0098-5589},
year = {2012},
pages = {5-18},
doi = {http://doi.ieeecomputersociety.org/10.1109/TSE.2011.41},
publisher = {IEEE Computer Society},
address = {Los Alamitos, CA, USA},
}


@ARTICLE{Newman:2005,
   author = {{Newman}, M.},
    title = "{Power laws, Pareto distributions and Zipf's law}",
  journal = {Contemporary Physics},
   eprint = {arXiv:cond-mat/0412004},
     year = 2005,
    month = sep,
   volume = 46,
    pages = {323-351},
      doi = {10.1080/00107510500052444},
   adsurl = {http://adsabs.harvard.edu/abs/2005ConPh..46..323N},
  adsnote = {Provided by the SAO/NASA Astrophysics Data System}
}

@inproceedings{Nguyen:2010,
 author = {Nguyen, Thanh H. D. and Adams, Bram and Hassan, Ahmed E.},
 title = {A Case Study of Bias in Bug-Fix Datasets},
 booktitle = {Proceedings of the 2010 17th Working Conference on Reverse Engineering},
 series = {WCRE '10},
 year = {2010},
 isbn = {978-0-7695-4123-5},
 pages = {259--268},
 numpages = {10},
 url = {http://dx.doi.org/10.1109/WCRE.2010.37},
 doi = {10.1109/WCRE.2010.37},
 acmid = {1919602},
 publisher = {IEEE Computer Society},
 address = {Washington, DC, USA},
 keywords = {sample, bias, bug-fix, prediction, data quality},
}

@article{Ohlsson:1996,
 author = {Ohlsson, Niclas and Alberg, Hans},
 title = {Predicting Fault-Prone Software Modules in Telephone Switches},
 journal = {IEEE Trans. Softw. Eng.},
 issue_date = {December 1996},
 volume = {22},
 number = {12},
 month = dec,
 year = {1996},
 issn = {0098-5589},
 pages = {886--894},
 numpages = {9},
 url = {http://dx.doi.org/10.1109/32.553637},
 doi = {10.1109/32.553637},
 acmid = {246143},
 publisher = {IEEE Press},
 address = {Piscataway, NJ, USA},
 keywords = {Complexity, empirical study, fault-prone modules, metrics, prediction, software measurement, regression analysis, software reliability, statistical analysis.},
}

@ARTICLE{Pastor-Satorras:2001,
   author = {{Pastor-Satorras}, R. and {Vespignani}, A.},
    title = "{Epidemic Spreading in Scale-Free Networks}",
  journal = {Physical Review Letters},
   eprint = {arXiv:cond-mat/0010317},
     year = 2001,
    month = apr,
   volume = 86,
    pages = {3200-3203},
      doi = {10.1103/PhysRevLett.86.3200},
   adsurl = {http://adsabs.harvard.edu/abs/2001PhRvL..86.3200P},
  adsnote = {Provided by the SAO/NASA Astrophysics Data System}
}

@inproceedings{Prete:2010,
 author = {Prete, Kyle and Rachatasumrit, Napol and Sudan, Nikita and Kim, Miryung},
 title = {Template-based reconstruction of complex refactorings},
 booktitle = {Proceedings of the 2010 IEEE International Conference on Software Maintenance},
 series = {ICSM '10},
 year = {2010},
 isbn = {978-1-4244-8630-4},
 pages = {1--10},
 numpages = {10},
 url = {http://dx.doi.org/10.1109/ICSM.2010.5609577},
 doi = {10.1109/ICSM.2010.5609577},
 acmid = {1913308},
 publisher = {IEEE Computer Society},
 address = {Washington, DC, USA},
}

@article{Sinha:2011,
  title = {Few and Far Between},
  author = {Sinha, Sitabhra},
  journal = {Physics},
  volume = {4},
  issue = {},
  pages = {81},
  numpages = {1},
  year = {2011},
  month = {Oct},
  doi = {10.1103/Physics.4.81},
  url = {http://link.aps.org/doi/10.1103/Physics.4.81},
  publisher = {American Physical Society}
}

@inproceedings{Sliwerski:2005,
 author = {\'{S}liwerski, Jacek and Zimmermann, Thomas and Zeller, Andreas},
 title = {When do changes induce fixes?},
 booktitle = {Proceedings of the 2005 international workshop on Mining software repositories},
 series = {MSR '05},
 year = {2005},
 isbn = {1-59593-123-6},
 location = {St. Louis, Missouri},
 pages = {1--5},
 numpages = {5},
 url = {http://doi.acm.org/10.1145/1082983.1083147},
 doi = {10.1145/1082983.1083147},
 acmid = {1083147},
 publisher = {ACM},
 address = {New York, NY, USA},
} 


@ARTICLE{Valverde:2003,
   author = {{Valverde}, S. and {Sole}, R.~V.},
    title = "{Hierarchical Small Worlds in Software Architecture}",
  journal = {eprint arXiv:cond-mat/0307278},
   eprint = {arXiv:cond-mat/0307278},
 keywords = {Disordered Systems and Neural Networks},
     year = 2003,
    month = jul,
   adsurl = {http://adsabs.harvard.edu/abs/2003cond.mat..7278V},
  adsnote = {Provided by the SAO/NASA Astrophysics Data System}
}


@article{Watts:1998,
  added-at = {2012-11-20T14:15:13.000+0100},
  author = {Watts, Duncan J. and Strogatz, Steven H.},
  biburl = {http://www.bibsonomy.org/bibtex/2b8d3db260a39adbd9a3b93db2896d602/lopusz_kdd},
  comment = {10.1038/30918},
  description = {Access : Collective dynamics of |[lsquo]|small-world|[rsquo]| networks : Nature},
  interhash = {02e54cb4f5d01567f9d4d2bfd5ca6587},
  intrahash = {b8d3db260a39adbd9a3b93db2896d602},
  issn = {00280836},
  journal = {Nature},
  keywords = {networks},
  month = jun,
  number = 6684,
  pages = {440--442},
  timestamp = {2012-11-20T14:15:13.000+0100},
  title = {Collective dynamics of {'}small-world{'} networks},
  url = {http://dx.doi.org/10.1038/30918},
  volume = 393,
  year = 1998
}

@INPROCEEDINGS{Wen:2007, 
author={Lian Wen and Kirk, D. and Dromey, R.G.}, 
booktitle={Cognitive Informatics, 6th IEEE International Conference on}, title={Software Systems as Complex Networks}, 
year={Aug.}, 
pages={106-115}, 
keywords={Java;large-scale systems;software libraries;software maintenance;systems re-engineering;Java libraries;complex networks;component dependency network;scale-free network model;software maintenance;software reengineering;software systems;Application software;Complex networks;Control systems;Hardware;Java;Kirk field collapse effect;Neurons;Software libraries;Software maintenance;Software systems}, 
doi={10.1109/COGINF.2007.4341879},}

@article{Zhang:2008,
  author = {Hongyu Zhang},
  title = {On the Distribution of Software Faults},
  journal ={IEEE Transactions on Software Engineering},
  volume = {34},
number = {2},
issn = {0098-5589},
  year = {2008},
  pages = {301-302},
doi = {http://doi.ieeecomputersociety.org/10.1109/TSE.2007.70771},
  publisher = {IEEE Computer Society},
address = {Los Alamitos, CA, USA},
}

@ARTICLE{LaBelle:2004,
   author = {{LaBelle}, N. and {Wallingford}, E.},
    title = "{Inter-Package Dependency Networks in Open-Source Software}",
  journal = {eprint arXiv:cs/0411096},
   eprint = {arXiv:cs/0411096},
 keywords = {Software Engineering},
     year = 2004,
    month = nov,
   adsurl = {http://adsabs.harvard.edu/abs/2004cs.......11096L},
  adsnote = {Provided by the SAO/NASA Astrophysics Data System}
}

@inproceedings{Advani:2006,
 author = {Advani, Deepak and Hassoun, Youssef and Counsell, Steve},
 title = {Extracting refactoring trends from open-source software and a possible solution to the 'related refactoring' conundrum},
 booktitle = {Proceedings of the 2006 ACM symposium on Applied computing},
 series = {SAC '06},
 year = {2006},
 isbn = {1-59593-108-2},
 location = {Dijon, France},
 pages = {1713--1720},
 numpages = {8},
 url = {http://doi.acm.org/10.1145/1141277.1141685},
 doi = {10.1145/1141277.1141685},
 acmid = {1141685},
 publisher = {ACM},
 address = {New York, NY, USA},
 keywords = {dependencies, empirical analysis, object-oriented, refactoring, tool},
} 

@inproceedings{Arzoky:2011,
 author = {Arzoky, Mahir and Swift, Stephen and Tucker, Allan and Cain, James},
 title = {Munch: An Efficient Modularisation Strategy to Assess the Degree of Refactoring on Sequential Source Code Checkings},
 booktitle = {Proceedings of the 2011 IEEE Fourth International Conference on Software Testing, Verification and Validation Workshops},
 series = {ICSTW '11},
 year = {2011},
 isbn = {978-0-7695-4345-1},
 pages = {422--429},
 numpages = {8},
 url = {http://dx.doi.org/10.1109/ICSTW.2011.87},
 doi = {10.1109/ICSTW.2011.87},
 acmid = {2005532},
 publisher = {IEEE Computer Society},
 address = {Washington, DC, USA},
 keywords = {clustering, modularisation, refactoring, seeding, time series, fitness functions, EVM},
} 

@techreport{Basili:1992,
 author = {Basili, Victor R.},
 title = {Software Modeling and Measurement: The Goal/Question/Metric Paradigm},
 year = {1992},
 source = {UMIACS TR-92-96},
 publisher = {University of Maryland at College Park},
 address = {College Park, MD, USA},
} 

