  @Article{igraph,
    title = {The igraph software package for complex network research},
    author = {Gabor Csardi and Tamas Nepusz},
    journal = {InterJournal},
    volume = {Complex Systems},
    pages = {1695},
    year = {2006},
    url = {http://igraph.org},
  }

  @Manual{R,
    title = {R: A Language and Environment for Statistical Computing},
    author = {{R Core Team}},
    organization = {R Foundation for Statistical Computing},
    address = {Vienna, Austria},
    year = {2013},
    url = {http://www.R-project.org/},
  }
  
 
@inproceedings{Herzig:2013,
 author = {Herzig, Kim and Just, Sascha and Zeller, Andreas},
 title = {It\&\#039;s Not a Bug, It\&\#039;s a Feature: How Misclassification Impacts Bug Prediction},
 booktitle = {Proceedings of the 2013 International Conference on Software Engineering},
 series = {ICSE '13},
 year = {2013},
 isbn = {978-1-4673-3076-3},
 location = {San Francisco, CA, USA},
 pages = {392--401},
 numpages = {10},
 url = {http://dl.acm.org/citation.cfm?id=2486788.2486840},
 acmid = {2486840},
 publisher = {IEEE Press},
 address = {Piscataway, NJ, USA},
} 
@inproceedings{Vasilescu:2011,
 author = {Vasilescu, Bogdan and Serebrenik, Alexander and van den Brand, Mark},
 title = {By No Means: A Study on Aggregating Software Metrics},
 booktitle = {Proceedings of the 2Nd International Workshop on Emerging Trends in Software Metrics},
 series = {WETSoM '11},
 year = {2011},
 isbn = {978-1-4503-0593-8},
 location = {Waikiki, Honolulu, HI, USA},
 pages = {23--26},
 numpages = {4},
 url = {http://doi.acm.org/10.1145/1985374.1985381},
 doi = {10.1145/1985374.1985381},
 acmid = {1985381},
 publisher = {ACM},
 address = {New York, NY, USA},
 keywords = {aggregation techniques, maintainability, software metrics},
} 
